@article{pralgffrabin,
	key = "Rabin 1980a",
	author = "M. O. Rabin",
	title = "Probabilistic algorithms in finite fields",
	journal = SIAMJC,
	volume = 9,
	year = "1980",
	pages = "273--280"}

@BOOK{mLID86a,
	AUTHOR="R. Lidl and H. Niederreiter",
	TITLE={Introduction to Finite Fields and Their Applications},
	PUBLISHER="Cambridge University Press",
	ADDRESS={Cambridge},
	YEAR={1986}  }

@book{algmod,
  author    = {{Hygino H. Domingues} and {Gelson Iezzi}},
  title     = {\'Algebra Moderna},
  publisher = {Atual},
  year      = {2003},
  edition   = {Quarta},
  address   = {São Paulo}
}

@book{schnelle,
  author    = {A. Schonhage},
  title     = {Schnelle Multiplikation von Polynomen uber Körpern der Charakteristic 2},
  publisher = {Acta Informatica},
  year      = {1977},
  pages     = {395--398}
}

@book{design,
  author    = {{A. V. Aho} and {J. E. Hopcroft} and {J. D. Ullman}},
  title     = {The Design and Analysis of Algorithms},
  publisher = {Addison-Wesley},
  year      = {1974}
}

